[
  {
    "date": "2020-03-31",
    "symbol": "BBCA.JK",
    "total_revenue": 25867487000000,
    "earnings": 6581123000000,
    "total_assets": 972929597000000,
    "total_liabilities": 796378678000000,
    "total_equity": 171710370000000,
    "gross_loan": 596409652000000,
    "allowance_for_loans": 22045913000000,
    "net_loan": 618455565000000,
    "earnings_before_tax": 7928320000000,
    "tax": 1346544000000,
    "minorities": 653000000,
    "net_operating_cash_flow": 20634559000000,
    "net_investing_cash_flow": -29461158000000,
    "net_financing_cash_flow": 3805282000000,
    "net_cash_flow": -5021317000000,
    "free_cash_flow": null,
    "capital_expenditure": null,
    "net_interest_income": 13598277000000,
    "non_interest_income": 5983230000000,
    "total_deposit": 735366373000000,
    "current_account": 201615803000000,
    "savings_account": 365655518000000,
    "time_deposit": 168095052000000,
    "operating_expense": 9474009000000
  },
  {
    "date": "2020-06-30",
    "symbol": "BBCA.JK",
    "total_revenue": 23651533000000,
    "earnings": 5658895000000,
    "total_assets": 975076433000000,
    "total_liabilities": 800861477000000,
    "total_equity": 169274175000000,
    "gross_loan": 580987188000000,
    "allowance_for_loans": 24818744000000,
    "net_loan": 605805932000000,
    "earnings_before_tax": 7061785000000,
    "tax": 1399710000000,
    "minorities": 3180000000,
    "net_operating_cash_flow": 16973773000000,
    "net_investing_cash_flow": -16690051000000,
    "net_financing_cash_flow": -17157518000000,
    "net_cash_flow": -16873796000000,
    "free_cash_flow": null,
    "capital_expenditure": null,
    "net_interest_income": 13468678000000,
    "non_interest_income": 4728491000000,
    "total_deposit": 755891463000000,
    "current_account": 194516023000000,
    "savings_account": 380207164000000,
    "time_deposit": 181168276000000,
    "operating_expense": 6774118000000
  },
  {
    "date": "2020-09-30",
    "symbol": "BBCA.JK",
    "total_revenue": 23796840000000,
    "earnings": 7795175000000,
    "total_assets": 1003637615000000,
    "total_liabilities": 819742062000000,
    "total_equity": 179138985000000,
    "gross_loan": 568132884000000,
    "allowance_for_loans": 26809573000000,
    "net_loan": 594942457000000,
    "earnings_before_tax": 9706017000000,
    "tax": 1904798000000,
    "minorities": 6044000000,
    "net_operating_cash_flow": -10480065000000,
    "net_investing_cash_flow": 11383307000000,
    "net_financing_cash_flow": 105845000000,
    "net_cash_flow": 1009087000000,
    "free_cash_flow": null,
    "capital_expenditure": null,
    "net_interest_income": 13451682000000,
    "non_interest_income": 4970996000000,
    "total_deposit": 774979964000000,
    "current_account": 204758078000000,
    "savings_account": 390374759000000,
    "time_deposit": 179847127000000,
    "operating_expense": 6104634000000
  },
  {
    "date": "2020-12-31",
    "symbol": "BBCA.JK",
    "total_revenue": 24333969000000,
    "earnings": 7095916000000,
    "total_assets": 1075570256000000,
    "total_liabilities": 885537919000000,
    "total_equity": 184714709000000,
    "gross_loan": 574589608000000,
    "allowance_for_loans": 26945942000000,
    "net_loan": 601535550000000,
    "earnings_before_tax": 8872385000000,
    "tax": 1770346000000,
    "minorities": 6123000000,
    "net_operating_cash_flow": 23850608000000,
    "net_investing_cash_flow": -9349942000000,
    "net_financing_cash_flow": -2306877000000,
    "net_cash_flow": 12193789000000,
    "free_cash_flow": null,
    "capital_expenditure": null,
    "net_interest_income": 13642633000000,
    "non_interest_income": 5322060000000,
    "total_deposit": 834283843000000,
    "current_account": 228984664000000,
    "savings_account": 413161288000000,
    "time_deposit": 192137891000000,
    "operating_expense": 7616703000000
  },
  {
    "date": "2021-03-31",
    "symbol": "BBCA.JK",
    "total_revenue": 24146378000000,
    "earnings": 7039710000000,
    "total_assets": 1090381563000000,
    "total_liabilities": 906773101000000,
    "total_equity": 178833964000000,
    "gross_loan": 572735403000000,
    "allowance_for_loans": 29505260000000,
    "net_loan": 602240663000000,
    "earnings_before_tax": 8681143000000,
    "tax": 1638021000000,
    "minorities": 3412000000,
    "net_operating_cash_flow": -10432954000000,
    "net_investing_cash_flow": -11415497000000,
    "net_financing_cash_flow": -993535000000,
    "net_cash_flow": -22841986000000,
    "free_cash_flow": null,
    "capital_expenditure": null,
    "net_interest_income": 14050660000000,
    "non_interest_income": 5155236000000,
    "total_deposit": 843337994000000,
    "current_account": 235801230000000,
    "savings_account": 418168819000000,
    "time_deposit": 189367945000000,
    "operating_expense": 7270812000000
  },
  {
    "date": "2021-06-30",
    "symbol": "BBCA.JK",
    "total_revenue": 24251011000000,
    "earnings": 7416155000000,
    "total_assets": 1129496824000000,
    "total_liabilities": 937045011000000,
    "total_equity": 187495940000000,
    "gross_loan": 578781801000000,
    "allowance_for_loans": 31932732000000,
    "net_loan": 610714533000000,
    "earnings_before_tax": 9193890000000,
    "tax": 1773156000000,
    "minorities": 4579000000,
    "net_operating_cash_flow": 91560728000000,
    "net_investing_cash_flow": -6795491000000,
    "net_financing_cash_flow": -10662126000000,
    "net_cash_flow": 74103111000000,
    "free_cash_flow": null,
    "capital_expenditure": null,
    "net_interest_income": 14072983000000,
    "non_interest_income": 5449322000000,
    "total_deposit": 888652004000000,
    "current_account": 247073390000000,
    "savings_account": 447704328000000,
    "time_deposit": 193874286000000,
    "operating_expense": 7036128000000
  },
  {
    "date": "2021-09-30",
    "symbol": "BBCA.JK",
    "total_revenue": 24031548000000,
    "earnings": 8742797000000,
    "total_assets": 1169296138000000,
    "total_liabilities": 966219369000000,
    "total_equity": 197946971000000,
    "gross_loan": 591608660000000,
    "allowance_for_loans": 32151394000000,
    "net_loan": 623760054000000,
    "earnings_before_tax": 10765893000000,
    "tax": 2018036000000,
    "minorities": 5060000000,
    "net_operating_cash_flow": 26093371000000,
    "net_investing_cash_flow": -14477149000000,
    "net_financing_cash_flow": 368622000000,
    "net_cash_flow": 11984844000000,
    "free_cash_flow": null,
    "capital_expenditure": null,
    "net_interest_income": 13794031000000,
    "non_interest_income": 5464805000000,
    "total_deposit": 917147801000000,
    "current_account": 262416613000000,
    "savings_account": 457189919000000,
    "time_deposit": 197541269000000,
    "operating_expense": 7390205000000
  },
  {
    "date": "2021-12-31",
    "symbol": "BBCA.JK",
    "total_revenue": 25027474000000,
    "earnings": 8223998000000,
    "total_assets": 1228344680000000,
    "total_liabilities": 1019773758000000,
    "total_equity": 202848934000000,
    "gross_loan": 622013305000000,
    "allowance_for_loans": 32199727000000,
    "net_loan": 654213032000000,
    "earnings_before_tax": 10200248000000,
    "tax": 1971802000000,
    "minorities": 4448000000,
    "net_operating_cash_flow": 18965173000000,
    "net_investing_cash_flow": -8559721000000,
    "net_financing_cash_flow": -2811190000000,
    "net_cash_flow": 7594262000000,
    "free_cash_flow": null,
    "capital_expenditure": null,
    "net_interest_income": 14217901000000,
    "non_interest_income": 6268671000000,
    "total_deposit": 968606744000000,
    "current_account": 284594434000000,
    "savings_account": 479999598000000,
    "time_deposit": 204012712000000,
    "operating_expense": 8611295000000
  },
  {
    "date": "2022-03-31",
    "symbol": "BBCA.JK",
    "total_revenue": 24505616000000,
    "earnings": 8064433000000,
    "total_assets": 1259435392000000,
    "total_liabilities": 1058917549000000,
    "total_equity": 194828112000000,
    "gross_loan": 621141984000000,
    "allowance_for_loans": 34948879000000,
    "net_loan": 656090863000000,
    "earnings_before_tax": 9953324000000,
    "tax": 1885576000000,
    "minorities": 3315000000,
    "net_operating_cash_flow": -19257380000000,
    "net_investing_cash_flow": -661666000000,
    "net_financing_cash_flow": -57588000000,
    "net_cash_flow": -19976634000000,
    "free_cash_flow": null,
    "capital_expenditure": null,
    "net_interest_income": 14421272000000,
    "non_interest_income": 6132046000000,
    "total_deposit": 990163486000000,
    "current_account": 299810841000000,
    "savings_account": 495588870000000,
    "time_deposit": 194763775000000,
    "operating_expense": 7781939000000
  },
  {
    "date": "2022-06-30",
    "symbol": "BBCA.JK",
    "total_revenue": 24624269000000,
    "earnings": 9985038000000,
    "total_assets": 1264467919000000,
    "total_liabilities": 1055751265000000,
    "total_equity": 203128593000000,
    "gross_loan": 658878375000000,
    "allowance_for_loans": 35752588000000,
    "net_loan": 694630963000000,
    "earnings_before_tax": 12345109000000,
    "tax": 2356448000000,
    "minorities": 3623000000,
    "net_operating_cash_flow": 93351775000000,
    "net_investing_cash_flow": -9001472000000,
    "net_financing_cash_flow": -15025181000000,
    "net_cash_flow": 69325122000000,
    "free_cash_flow": null,
    "capital_expenditure": null,
    "net_interest_income": 15246180000000,
    "non_interest_income": 5402291000000,
    "total_deposit": 1003267795000000,
    "current_account": 303299081000000,
    "savings_account": 511500232000000,
    "time_deposit": 188468482000000,
    "operating_expense": 7394482000000
  },
  {
    "date": "2022-09-30",
    "symbol": "BBCA.JK",
    "total_revenue": 26262661000000,
    "earnings": 10905092000000,
    "total_assets": 1288723136000000,
    "total_liabilities": 1071270200000000,
    "total_equity": 212090356000000,
    "gross_loan": 665602968000000,
    "allowance_for_loans": 35537186000000,
    "net_loan": 701140154000000,
    "earnings_before_tax": 13506895000000,
    "tax": 2593364000000,
    "minorities": 8439000000,
    "net_operating_cash_flow": -56152768000000,
    "net_investing_cash_flow": -17425049000000,
    "net_financing_cash_flow": 388966000000,
    "net_cash_flow": -73188851000000,
    "free_cash_flow": null,
    "capital_expenditure": null,
    "net_interest_income": 16288782000000,
    "non_interest_income": 5737437000000,
    "total_deposit": 1017473508000000,
    "current_account": 316291273000000,
    "savings_account": 510658032000000,
    "time_deposit": 190524203000000,
    "operating_expense": 8328257000000
  },
  {
    "date": "2022-12-31",
    "symbol": "BBCA.JK",
    "total_revenue": 28587495000000,
    "earnings": 11781159000000,
    "total_assets": 1314731674000000,
    "total_liabilities": 1087109644000000,
    "total_equity": 221181655000000,
    "gross_loan": 694936522000000,
    "allowance_for_loans": 33947518000000,
    "net_loan": 728884040000000,
    "earnings_before_tax": 14661705000000,
    "tax": 2876073000000,
    "minorities": 4473000000,
    "net_operating_cash_flow": 15837636000000,
    "net_investing_cash_flow": -5294799000000,
    "net_financing_cash_flow": -4422413000000,
    "net_cash_flow": 6120424000000,
    "free_cash_flow": null,
    "capital_expenditure": null,
    "net_interest_income": 18033275000000,
    "non_interest_income": 6215394000000,
    "total_deposit": 1030451783000000,
    "current_account": 321858535000000,
    "savings_account": 522457668000000,
    "time_deposit": 186135580000000,
    "operating_expense": 8978347000000
  },
  {
    "date": "2023-03-31",
    "symbol": "BBCA.JK",
    "total_revenue": 30018883000000,
    "earnings": 11529784000000,
    "total_assets": 1321722691000000,
    "total_liabilities": 1103911254000000,
    "total_equity": 211427638000000,
    "gross_loan": 697173146000000,
    "allowance_for_loans": 34847849000000,
    "net_loan": 732020995000000,
    "earnings_before_tax": 14219674000000,
    "tax": 2686774000000,
    "minorities": 3116000000,
    "net_operating_cash_flow": 25257245000000,
    "net_investing_cash_flow": -24893522000000,
    "net_financing_cash_flow": 156402000000,
    "net_cash_flow": 520125000000,
    "free_cash_flow": null,
    "capital_expenditure": null,
    "net_interest_income": 18482049000000,
    "non_interest_income": 6449228000000,
    "total_deposit": 1029634267000000,
    "current_account": 318680494000000,
    "savings_account": 521130416000000,
    "time_deposit": 189823357000000,
    "operating_expense": 9251369000000
  },
  {
    "date": "2023-06-30",
    "symbol": "BBCA.JK",
    "total_revenue": 30726997000000,
    "earnings": 12660422000000,
    "total_assets": 1356757402000000,
    "total_liabilities": 1125020017000000,
    "total_equity": 224771257000000,
    "gross_loan": 718989019000000,
    "allowance_for_loans": 34710342000000,
    "net_loan": 753699361000000,
    "earnings_before_tax": 15663165000000,
    "tax": 2996042000000,
    "minorities": 6701000000,
    "net_operating_cash_flow": 24256115000000,
    "net_investing_cash_flow": -8168396000000,
    "net_financing_cash_flow": -20663550000000,
    "net_cash_flow": -4575831000000,
    "free_cash_flow": 15778527000000,
    "capital_expenditure": null,
    "net_interest_income": 18500721000000,
    "non_interest_income": 6108806000000,
    "total_deposit": 1061369163000000,
    "current_account": 327028078000000,
    "savings_account": 533900866000000,
    "time_deposit": 200440219000000,
    "operating_expense": 8524703000000
  },
  {
    "date": "2023-09-30",
    "symbol": "BBCA.JK",
    "total_revenue": 31631104000000,
    "earnings": 12230171000000,
    "total_assets": 1381449427000000,
    "total_liabilities": 1138285697000000,
    "total_equity": 235932600000000,
    "gross_loan": 748259425000000,
    "allowance_for_loans": 34531354000000,
    "net_loan": 782790779000000,
    "earnings_before_tax": 15127334000000,
    "tax": 2887238000000,
    "minorities": 9925000000,
    "net_operating_cash_flow": -3764326000000,
    "net_investing_cash_flow": -12830002000000,
    "net_financing_cash_flow": -881616000000,
    "net_cash_flow": -17475944000000,
    "free_cash_flow": 13899647000000,
    "capital_expenditure": null,
    "net_interest_income": 18732563000000,
    "non_interest_income": 6305417000000,
    "total_deposit": 1078785445000000,
    "current_account": 335960397000000,
    "savings_account": 530176051000000,
    "time_deposit": 212648997000000,
    "operating_expense": 9500973000000
  },
  {
    "date": "2023-12-31",
    "symbol": "BBCA.JK",
    "total_revenue": 32106832000000,
    "earnings": 12218745000000,
    "total_assets": 1408107010000000,
    "total_liabilities": 1157675545000000,
    "total_equity": 242537593000000,
    "gross_loan": 810251662000000,
    "allowance_for_loans": 34059755000000,
    "net_loan": 776191907000000,
    "earnings_before_tax": 15169584000000,
    "tax": 2951608000000,
    "minorities": -769000000,
    "net_operating_cash_flow": 12366432000000,
    "net_investing_cash_flow": -23904829000000,
    "net_financing_cash_flow": -3681917000000,
    "net_cash_flow": -15220314000000,
    "free_cash_flow": 10428150000000,
    "capital_expenditure": null,
    "net_interest_income": 19413489000000,
    "non_interest_income": 5953639000000,
    "total_deposit": 1090766807000000,
    "current_account": 346414693000000,
    "savings_account": 534087212000000,
    "time_deposit": 210264902000000,
    "operating_expense": 10226061000000
  },
  {
    "date": "2024-03-31",
    "symbol": "BBCA.JK",
    "total_revenue": 26248782000000,
    "earnings": 12877528000000,
    "total_assets": 1444007645000000,
    "total_liabilities": 1216845791000000,
    "total_equity": 227342012000000,
    "gross_loan": 835571208000000,
    "allowance_for_loans": 34569289000000,
    "net_loan": 801001919000000,
    "earnings_before_tax": 15915029000000,
    "tax": 3036522000000,
    "minorities": 979000000,
    "net_operating_cash_flow": 29921610000000,
    "net_investing_cash_flow": -12490133000000,
    "net_financing_cash_flow": -192137000000,
    "net_cash_flow": 17239340000000,
    "free_cash_flow": 9365384000000,
    "capital_expenditure": -444252000000,
    "net_interest_income": 19842336000000,
    "non_interest_income": 6406446000000,
    "total_deposit": 1120556910000000,
    "current_account": 349331497000000,
    "savings_account": 555167793000000,
    "time_deposit": 216057620000000,
    "operating_expense": 10369901000000
  },
  {
    "date": "2024-06-30",
    "symbol": "BBCA.JK",
    "total_revenue": 38789722000000,
    "earnings": 13998656000000,
    "total_assets": 1425417230000000,
    "total_liabilities": 1176303894000000,
    "total_equity": 240861060000000,
    "gross_loan": 829934414000000,
    "allowance_for_loans": 33734664000000,
    "net_loan": 863669078000000,
    "earnings_before_tax": 17307537000000,
    "tax": 3308545000000,
    "minorities": 336000000,
    "net_operating_cash_flow": 16915407000000,
    "net_investing_cash_flow": -17181559000000,
    "net_financing_cash_flow": -28382362000000,
    "net_cash_flow": -28648514000000,
    "free_cash_flow": 16538349999999,
    "capital_expenditure": -377060000000,
    "net_interest_income": 20053007000000,
    "non_interest_income": 6371581000000,
    "total_deposit": 1113982378000000,
    "current_account": 351298818000000,
    "savings_account": 559868653000000,
    "time_deposit": 202814907000000,
    "operating_expense": 7675187000000
  },
  {
    "date": "2024-09-30",
    "symbol": "BBCA.JK",
    "total_revenue": 34208761000000,
    "earnings": 14197679000000,
    "total_assets": 1433701780000000,
    "total_liabilities": 1169576381000000,
    "total_equity": 255961318000000,
    "gross_loan": 856742835000000,
    "allowance_for_loans": 34125521000000,
    "net_loan": 890868356000000,
    "earnings_before_tax": 17623688000000,
    "tax": 3413298000000,
    "minorities": 12711000000,
    "net_operating_cash_flow": 27345976000000,
    "net_investing_cash_flow": -38428096000000,
    "net_financing_cash_flow": 105000000,
    "net_cash_flow": -11082015000000,
    "free_cash_flow": 25793413000000,
    "capital_expenditure": -1552563000000,
    "net_interest_income": 21037428000000,
    "non_interest_income": 6826009000000,
    "total_deposit": 1114206768000000,
    "current_account": 350368641000000,
    "savings_account": 560775008000000,
    "time_deposit": 203063119000000,
    "operating_expense": 9278376000000
  },
  {
    "date": "2024-12-31",
    "symbol": "BBCA.JK",
    "total_revenue": 34123858000000,
    "earnings": 13762442000000,
    "total_assets": 1449301328000000,
    "total_liabilities": 1177403108000000,
    "total_equity": 262835087000000,
    "gross_loan": 901310853000000,
    "allowance_for_loans": 32624643000000,
    "net_loan": 933935496000000,
    "earnings_before_tax": 17371596000000,
    "tax": 3608211000000,
    "minorities": 943000000,
    "net_operating_cash_flow": -20362764000000,
    "net_investing_cash_flow": 9151282000000,
    "net_financing_cash_flow": -4754295000000,
    "net_cash_flow": -15965777000000,
    "free_cash_flow": -22162068000000,
    "capital_expenditure": -1799304000000,
    "net_interest_income": 21331393000000,
    "non_interest_income": 6438343000000,
    "total_deposit": 1120613667000000,
    "current_account": 359435349000000,
    "savings_account": 559622126000000,
    "time_deposit": 201556192000000,
    "operating_expense": 10730776000000
  },
  {
    "date": "2025-03-31",
    "symbol": "BBCA.JK",
    "total_revenue": 34620643000000,
    "earnings": 14146131000000,
    "total_assets": 1533763445000000,
    "total_liabilities": 1278027110000000,
    "total_equity": 246520509000000,
    "gross_loan": 919645072000000,
    "allowance_for_loans": 32999997000000,
    "net_loan": 952645069000000,
    "earnings_before_tax": 17455662000000,
    "tax": 3308672000000,
    "minorities": 859000000,
    "net_operating_cash_flow": 35183351000000,
    "net_investing_cash_flow": -4300805000000,
    "net_financing_cash_flow": -2180000000,
    "net_cash_flow": 30880366000000,
    "free_cash_flow": 34749880000000,
    "capital_expenditure": -433471000000,
    "net_interest_income": 21118560000000,
    "non_interest_income": 7005767000000,
    "total_deposit": 1180040820000000,
    "current_account": 380174169000000,
    "savings_account": 593908088000000,
    "time_deposit": 205958563000000,
    "operating_expense": 9637633000000
  },
  {
    "date": "2025-06-30",
    "symbol": "BBCA.JK",
    "total_revenue": 29193195000000,
    "earnings": 14870283000000,
    "total_assets": 1504118975000000,
    "total_liabilities": 1242318069000000,
    "total_equity": 261800906000000,
    "gross_loan": null,
    "allowance_for_loans": null,
    "net_loan": null,
    "earnings_before_tax": 18337997000000,
    "tax": 3462018000000,
    "minorities": -5696000000,
    "net_operating_cash_flow": 5739867000000,
    "net_investing_cash_flow": null,
    "net_financing_cash_flow": null,
    "net_cash_flow": -9963149000000,
    "free_cash_flow": 5565154000000,
    "capital_expenditure": -174713000000,
    "net_interest_income": 22001401000000,
    "non_interest_income": 7191794000000,
    "total_deposit": null,
    "current_account": null,
    "savings_account": null,
    "time_deposit": null,
    "operating_expense": 9867094000000
  },
  {
    "date": "2020-03-31",
    "symbol": "BBNI.JK",
    "total_revenue": 13927175000000,
    "earnings": 4252654000000,
    "total_assets": 868448218000000,
    "total_liabilities": 725819001000000,
    "total_equity": 109840797000000,
    "gross_loan": 579604360000000,
    "allowance_for_loans": 32686673000000,
    "net_loan": 612291033000000,
    "earnings_before_tax": 5335187000000,
    "tax": 1115263000000,
    "minorities": -32730000000,
    "net_operating_cash_flow": 28780168000000,
    "net_investing_cash_flow": -4011343000000,
    "net_financing_cash_flow": 3927901000000,
    "net_cash_flow": 28696726000000,
    "free_cash_flow": null,
    "capital_expenditure": null,
    "net_interest_income": 9539323000000,
    "non_interest_income": 3156815000000,
    "total_deposit": 603139469000000,
    "current_account": 208303701000000,
    "savings_account": 187613882000000,
    "time_deposit": 207221886000000,
    "operating_expense": 5590496000000
  },
  {
    "date": "2020-06-30",
    "symbol": "BBNI.JK",
    "total_revenue": 10200493000000,
    "earnings": 203652000000,
    "total_assets": 880123799000000,
    "total_liabilities": 736976094000000,
    "total_equity": 112359629000000,
    "gross_loan": 576775711000000,
    "allowance_for_loans": 36541989000000,
    "net_loan": 613317700000000,
    "earnings_before_tax": 507139000000,
    "tax": 269425000000,
    "minorities": 34062000000,
    "net_operating_cash_flow": 15094073000000,
    "net_investing_cash_flow": -7834409000000,
    "net_financing_cash_flow": -14941435000000,
    "net_cash_flow": -7681771000000,
    "free_cash_flow": null,
    "capital_expenditure": null,
    "net_interest_income": 8257718000000,
    "non_interest_income": 2526152000000,
    "total_deposit": 631751239000000,
    "current_account": 218351734000000,
    "savings_account": 198132686000000,
    "time_deposit": 215266819000000,
    "operating_expense": 5647728000000
  },
  {
    "date": "2020-09-30",
    "symbol": "BBNI.JK",
    "total_revenue": 13228368000000,
    "earnings": -136762000000,
    "total_assets": 916953642000000,
    "total_liabilities": 772477265000000,
    "total_equity": 112934309000000,
    "gross_loan": 582386292000000,
    "allowance_for_loans": 41701902000000,
    "net_loan": 624088194000000,
    "earnings_before_tax": 93533000000,
    "tax": 206848000000,
    "minorities": 23447000000,
    "net_operating_cash_flow": 22144739000000,
    "net_investing_cash_flow": 3998596000000,
    "net_financing_cash_flow": -1534970000000,
    "net_cash_flow": 24608365000000,
    "free_cash_flow": null,
    "capital_expenditure": null,
    "net_interest_income": 8850355000000,
    "non_interest_income": 4029204000000,
    "total_deposit": 673863631000000,
    "current_account": 234807660000000,
    "savings_account": 210867265000000,
    "time_deposit": 228188706000000,
    "operating_expense": 6131737000000
  },
  {
    "date": "2020-12-31",
    "symbol": "BBNI.JK",
    "total_revenue": 14679599000000,
    "earnings": -640791000000,
    "total_assets": 891337425000000,
    "total_liabilities": 746235663000000,
    "total_equity": 112872199000000,
    "gross_loan": 586206787000000,
    "allowance_for_loans": 44227986000000,
    "net_loan": 630434773000000,
    "earnings_before_tax": -823706000000,
    "tax": -199175000000,
    "minorities": 16260000000,
    "net_operating_cash_flow": 8234944000000,
    "net_investing_cash_flow": -4144960000000,
    "net_financing_cash_flow": -4590665000000,
    "net_cash_flow": -500681000000,
    "free_cash_flow": null,
    "capital_expenditure": null,
    "net_interest_income": 10504570000000,
    "non_interest_income": 3700410000000,
    "total_deposit": 647571744000000,
    "current_account": 224662870000000,
    "savings_account": 223685679000000,
    "time_deposit": 199223195000000,
    "operating_expense": 6843795000000
  },
  {
    "date": "2021-03-31",
    "symbol": "BBNI.JK",
    "total_revenue": 12984539000000,
    "earnings": 2384720000000,
    "total_assets": 862440779000000,
    "total_liabilities": 744704146000000,
    "total_equity": 117736633000000,
    "gross_loan": 559332025000000,
    "allowance_for_loans": 46231771000000,
    "net_loan": 605563796000000,
    "earnings_before_tax": 3003823000000,
    "tax": 609104000000,
    "minorities": 9999000000,
    "net_operating_cash_flow": -20836131000000,
    "net_investing_cash_flow": 3491907000000,
    "net_financing_cash_flow": 5956961000000,
    "net_cash_flow": -11387263000000,
    "free_cash_flow": null,
    "capital_expenditure": null,
    "net_interest_income": 9403202000000,
    "non_interest_income": 3283694000000,
    "total_deposit": 638974047000000,
    "current_account": 232345882000000,
    "savings_account": 201221436000000,
    "time_deposit": 205406729000000,
    "operating_expense": 5601971000000
  },
  {
    "date": "2021-06-30",
    "symbol": "BBNI.JK",
    "total_revenue": 13786183000000,
    "earnings": 3916311000000,
    "total_assets": 875138278000000,
    "total_liabilities": 756095792000000,
    "total_equity": 119042486000000,
    "gross_loan": 569734532000000,
    "allowance_for_loans": 48388565000000,
    "net_loan": 618123097000000,
    "earnings_before_tax": 3281070000000,
    "tax": -637214000000,
    "minorities": 1973000000,
    "net_operating_cash_flow": 60540046000000,
    "net_investing_cash_flow": -6526191000000,
    "net_financing_cash_flow": -3070543000000,
    "net_cash_flow": 50943312000000,
    "free_cash_flow": null,
    "capital_expenditure": null,
    "net_interest_income": 9918625000000,
    "non_interest_income": 3543695000000,
    "total_deposit": 646573616000000,
    "current_account": 240853974000000,
    "savings_account": 209174699000000,
    "time_deposit": 196544943000000,
    "operating_expense": 6058395000000
  },
  {
    "date": "2021-09-30",
    "symbol": "BBNI.JK",
    "total_revenue": 13104109000000,
    "earnings": 227078000000,
    "total_assets": 919447781000000,
    "total_liabilities": 797179195000000,
    "total_equity": 122268586000000,
    "gross_loan": 570642563000000,
    "allowance_for_loans": 49364911000000,
    "net_loan": 620007474000000,
    "earnings_before_tax": 3351731000000,
    "tax": 3110560000000,
    "minorities": 14093000000,
    "net_operating_cash_flow": 6890258000000,
    "net_investing_cash_flow": -4544376000000,
    "net_financing_cash_flow": 8036281000000,
    "net_cash_flow": 10382163000000,
    "free_cash_flow": null,
    "capital_expenditure": null,
    "net_interest_income": 9376189000000,
    "non_interest_income": 3420435000000,
    "total_deposit": 668553776000000,
    "current_account": 252834075000000,
    "savings_account": 212898997000000,
    "time_deposit": 202820704000000,
    "operating_expense": 6296683000000
  },
  {
    "date": "2021-12-31",
    "symbol": "BBNI.JK",
    "total_revenue": 14275100000000,
    "earnings": 3152201000000,
    "total_assets": 964837692000000,
    "total_liabilities": 838317715000000,
    "total_equity": 126519977000000,
    "gross_loan": 582436230000000,
    "allowance_for_loans": 50294886000000,
    "net_loan": 632731116000000,
    "earnings_before_tax": 2914363000000,
    "tax": -290306000000,
    "minorities": 52468000000,
    "net_operating_cash_flow": 50884852000000,
    "net_investing_cash_flow": -8077647000000,
    "net_financing_cash_flow": -9203998000000,
    "net_cash_flow": 33603207000000,
    "free_cash_flow": null,
    "capital_expenditure": null,
    "net_interest_income": 9548715000000,
    "non_interest_income": 4256419000000,
    "total_deposit": 729168611000000,
    "current_account": 281398042000000,
    "savings_account": 224669562000000,
    "time_deposit": 223101007000000,
    "operating_expense": 6843903000000
  },
  {
    "date": "2022-03-31",
    "symbol": "BBNI.JK",
    "total_revenue": 13796619000000,
    "earnings": 3962283000000,
    "total_assets": 931982781000000,
    "total_liabilities": 803442897000000,
    "total_equity": 128539884000000,
    "gross_loan": 591683460000000,
    "allowance_for_loans": 51247788000000,
    "net_loan": 642931248000000,
    "earnings_before_tax": 4871182000000,
    "tax": 895868000000,
    "minorities": 13031000000,
    "net_operating_cash_flow": -62122735000000,
    "net_investing_cash_flow": -6583169000000,
    "net_financing_cash_flow": -556360000000,
    "net_cash_flow": -69262264000000,
    "free_cash_flow": null,
    "capital_expenditure": null,
    "net_interest_income": 9231244000000,
    "non_interest_income": 4255978000000,
    "total_deposit": 692740755000000,
    "current_account": 258134845000000,
    "savings_account": 221404212000000,
    "time_deposit": 213201698000000,
    "operating_expense": 6145159000000
  },
  {
    "date": "2022-06-30",
    "symbol": "BBNI.JK",
    "total_revenue": 14883536000000,
    "earnings": 4840929000000,
    "total_assets": 946495285000000,
    "total_liabilities": 816004444000000,
    "total_equity": 130490841000000,
    "gross_loan": 620422778000000,
    "allowance_for_loans": 51427301000000,
    "net_loan": 671850079000000,
    "earnings_before_tax": 5947451000000,
    "tax": 1050632000000,
    "minorities": 55890000000,
    "net_operating_cash_flow": 66358993000000,
    "net_investing_cash_flow": -5013866000000,
    "net_financing_cash_flow": 4306403000000,
    "net_cash_flow": 65651530000000,
    "free_cash_flow": null,
    "capital_expenditure": null,
    "net_interest_income": 10378319000000,
    "non_interest_income": 4106200000000,
    "total_deposit": 691837331000000,
    "current_account": 249733645000000,
    "savings_account": 229249643000000,
    "time_deposit": 212854043000000,
    "operating_expense": 6387141000000
  },
  {
    "date": "2022-09-30",
    "symbol": "BBNI.JK",
    "total_revenue": 15170026000000,
    "earnings": 4889005000000,
    "total_assets": 943607612000000,
    "total_liabilities": 809606100000000,
    "total_equity": 134001512000000,
    "gross_loan": 622607449000000,
    "allowance_for_loans": 51171783000000,
    "net_loan": 673779232000000,
    "earnings_before_tax": 5965868000000,
    "tax": 1036030000000,
    "minorities": 40833000000,
    "net_operating_cash_flow": -3816189000000,
    "net_investing_cash_flow": -5922419000000,
    "net_financing_cash_flow": 1001197000000,
    "net_cash_flow": -8737411000000,
    "free_cash_flow": null,
    "capital_expenditure": null,
    "net_interest_income": 10589436000000,
    "non_interest_income": 4179738000000,
    "total_deposit": 685235192000000,
    "current_account": 255256032000000,
    "savings_account": 230420290000000,
    "time_deposit": 199558870000000,
    "operating_expense": 6828837000000
  },
  {
    "date": "2022-12-31",
    "symbol": "BBNI.JK",
    "total_revenue": 16274332000000,
    "earnings": 4619837000000,
    "total_assets": 1029836868000000,
    "total_liabilities": 889639206000000,
    "total_equity": 140197662000000,
    "gross_loan": 646188313000000,
    "allowance_for_loans": 50333988000000,
    "net_loan": 696522301000000,
    "earnings_before_tax": 5902207000000,
    "tax": 1222398000000,
    "minorities": 59972000000,
    "net_operating_cash_flow": 19532766000000,
    "net_investing_cash_flow": -14713700000000,
    "net_financing_cash_flow": -2025998000000,
    "net_cash_flow": 2793068000000,
    "free_cash_flow": null,
    "capital_expenditure": null,
    "net_interest_income": 11121693000000,
    "non_interest_income": 4710372000000,
    "total_deposit": 769268991000000,
    "current_account": 314625134000000,
    "savings_account": 242694592000000,
    "time_deposit": 211949265000000,
    "operating_expense": 7698012000000
  },
  {
    "date": "2023-03-31",
    "symbol": "BBNI.JK",
    "total_revenue": 14941866000000,
    "earnings": 5220516000000,
    "total_assets": 1012362504000000,
    "total_liabilities": 867299568000000,
    "total_equity": 145062936000000,
    "gross_loan": 634325578000000,
    "allowance_for_loans": 50211886000000,
    "net_loan": 684537464000000,
    "earnings_before_tax": 6457237000000,
    "tax": 1193603000000,
    "minorities": 43118000000,
    "net_operating_cash_flow": 1044171524770,
    "net_investing_cash_flow": -4999961000000,
    "net_financing_cash_flow": -511751000000,
    "net_cash_flow": -4467540000000,
    "free_cash_flow": null,
    "capital_expenditure": null,
    "net_interest_income": 10404334000000,
    "non_interest_income": 4160754000000,
    "total_deposit": 743728898000000,
    "current_account": 285075890000000,
    "savings_account": 227465797000000,
    "time_deposit": 231187211000000,
    "operating_expense": 6502721000000
  },
  {
    "date": "2023-06-30",
    "symbol": "BBNI.JK",
    "total_revenue": 14519236000000,
    "earnings": 5081239000000,
    "total_assets": 1025091056000000,
    "total_liabilities": 881617421000000,
    "total_equity": 143473635000000,
    "gross_loan": 650770270000000,
    "allowance_for_loans": 49023716000000,
    "net_loan": 699793986000000,
    "earnings_before_tax": 6247019000000,
    "tax": 1111310000000,
    "minorities": 54470000000,
    "net_operating_cash_flow": -1226929524770,
    "net_investing_cash_flow": 2245606000000,
    "net_financing_cash_flow": -9822796000000,
    "net_cash_flow": -8804120000000,
    "free_cash_flow": 4541997000000,
    "capital_expenditure": null,
    "net_interest_income": 10197235000000,
    "non_interest_income": 3916421000000,
    "total_deposit": 765008847000000,
    "current_account": 301765548000000,
    "savings_account": 230573565000000,
    "time_deposit": 232669734000000,
    "operating_expense": 6289256000000
  },
  {
    "date": "2023-09-30",
    "symbol": "BBNI.JK",
    "total_revenue": 15453604000000,
    "earnings": 5451535000000,
    "total_assets": 1009308655000000,
    "total_liabilities": 862091109000000,
    "total_equity": 147217546000000,
    "gross_loan": 671371028000000,
    "allowance_for_loans": 49158540000000,
    "net_loan": 720529568000000,
    "earnings_before_tax": 6672037000000,
    "tax": 1182455000000,
    "minorities": 38047000000,
    "net_operating_cash_flow": -28414298000000,
    "net_investing_cash_flow": -6158799000000,
    "net_financing_cash_flow": -2304926000000,
    "net_cash_flow": -36878023000000,
    "free_cash_flow": 10626128000000,
    "capital_expenditure": null,
    "net_interest_income": 10534731000000,
    "non_interest_income": 4501653000000,
    "total_deposit": 747595337000000,
    "current_account": 290501209000000,
    "savings_account": 222388821000000,
    "time_deposit": 234705307000000,
    "operating_expense": 6752190000000
  },
  {
    "date": "2023-12-31",
    "symbol": "BBNI.JK",
    "total_revenue": 16579452000000,
    "earnings": 5156186000000,
    "total_assets": 1086663986000000,
    "total_liabilities": 931931466000000,
    "total_equity": 154732520000000,
    "gross_loan": 695084769000000,
    "allowance_for_loans": 47158131000000,
    "net_loan": 742242900000000,
    "earnings_before_tax": 6263445000000,
    "tax": 1046142000000,
    "minorities": 61117000000,
    "net_operating_cash_flow": 38989920000000,
    "net_investing_cash_flow": -1858103000000,
    "net_financing_cash_flow": 4146980000000,
    "net_cash_flow": 41278797000000,
    "free_cash_flow": null,
    "capital_expenditure": null,
    "net_interest_income": 10139373000000,
    "non_interest_income": 5980356000000,
    "total_deposit": 810730343000000,
    "current_account": 429554178000000,
    "savings_account": 148511185000000,
    "time_deposit": 232664980000000,
    "operating_expense": 8233498000000
  },
  {
    "date": "2024-03-31",
    "symbol": "BBNI.JK",
    "total_revenue": 14512559000000,
    "earnings": 5326429000000,
    "total_assets": 1066715329000000,
    "total_liabilities": 917013080000000,
    "total_equity": 149702249000000,
    "gross_loan": null,
    "allowance_for_loans": null,
    "net_loan": null,
    "earnings_before_tax": 6437413000000,
    "tax": 1084850000000,
    "minorities": null,
    "net_operating_cash_flow": -27492357000000,
    "net_investing_cash_flow": null,
    "net_financing_cash_flow": null,
    "net_cash_flow": null,
    "free_cash_flow": -27797200000000,
    "capital_expenditure": null,
    "net_interest_income": null,
    "non_interest_income": null,
    "total_deposit": null,
    "current_account": null,
    "savings_account": null,
    "time_deposit": null,
    "operating_expense": null
  },
  {
    "date": "2024-06-30",
    "symbol": "BBNI.JK",
    "total_revenue": 12331201000000,
    "earnings": 5365173000000,
    "total_assets": 1072454158000000,
    "total_liabilities": 918382139000000,
    "total_equity": 154072019000000,
    "gross_loan": 726976564000000,
    "allowance_for_loans": 42503090000000,
    "net_loan": 769479654000000,
    "earnings_before_tax": 6494160000000,
    "tax": 1082911000000,
    "minorities": -46076000000,
    "net_operating_cash_flow": -23971341000000,
    "net_investing_cash_flow": -4091742000000,
    "net_financing_cash_flow": 5557394000000,
    "net_cash_flow": -22505689000000,
    "free_cash_flow": -24768252000000,
    "capital_expenditure": -796911000000,
    "net_interest_income": 9681414000000,
    "non_interest_income": null,
    "total_deposit": 772318631000000,
    "current_account": 305132566000000,
    "savings_account": 240558223000000,
    "time_deposit": 226627842000000,
    "operating_expense": 5699199000000
  },
  {
    "date": "2024-09-30",
    "symbol": "BBNI.JK",
    "total_revenue": 15764654000000,
    "earnings": 5616783000000,
    "total_assets": 1068079914000000,
    "total_liabilities": 905910271000000,
    "total_equity": 162169643000000,
    "gross_loan": 735018363000000,
    "allowance_for_loans": 40819972000000,
    "net_loan": 775838335000000,
    "earnings_before_tax": 6933960000000,
    "tax": 1264237000000,
    "minorities": 52940000000,
    "net_operating_cash_flow": -9320263000000,
    "net_investing_cash_flow": 5049542000000,
    "net_financing_cash_flow": -1630779000000,
    "net_cash_flow": -5901500000000,
    "free_cash_flow": -9608810000000,
    "capital_expenditure": -288550000000,
    "net_interest_income": 10366662000000,
    "non_interest_income": 4969754000000,
    "total_deposit": 769738643000000,
    "current_account": 302260223000000,
    "savings_account": 238933500000000,
    "time_deposit": 228544920000000,
    "operating_expense": 7434388000000
  },
  {
    "date": "2024-12-31",
    "symbol": "BBNI.JK",
    "total_revenue": 17637978000000,
    "earnings": 5155214000000,
    "total_assets": 1129805637000000,
    "total_liabilities": 962619084000000,
    "total_equity": 167186553000000,
    "gross_loan": 775871778000000,
    "allowance_for_loans": 38684520000000,
    "net_loan": 814556298000000,
    "earnings_before_tax": 6714925000000,
    "tax": 1479063000000,
    "minorities": 80648000000,
    "net_operating_cash_flow": -2433952000000,
    "net_investing_cash_flow": -3711241000000,
    "net_financing_cash_flow": 13645755000000,
    "net_cash_flow": 7500562000000,
    "free_cash_flow": -4150319000000,
    "capital_expenditure": -1716367000000,
    "net_interest_income": 11041652000000,
    "non_interest_income": 6087197000000,
    "total_deposit": 805510848000000,
    "current_account": 406273560000000,
    "savings_account": 157004321000000,
    "time_deposit": 242232967000000,
    "operating_expense": 8699943000000
  },
  {
    "date": "2025-03-31",
    "symbol": "BBNI.JK",
    "total_revenue": 13780780000000,
    "earnings": 5380473000000,
    "total_assets": 1146583286000000,
    "total_liabilities": 973569181000000,
    "total_equity": 173014105000000,
    "gross_loan": null,
    "allowance_for_loans": null,
    "net_loan": null,
    "earnings_before_tax": 6518767000000,
    "tax": 1105828000000,
    "minorities": -32466000000,
    "net_operating_cash_flow": 12985260000000,
    "net_investing_cash_flow": null,
    "net_financing_cash_flow": null,
    "net_cash_flow": 9266517000000,
    "free_cash_flow": 12581967000000,
    "capital_expenditure": -403293000000,
    "net_interest_income": 9834437000000,
    "non_interest_income": null,
    "total_deposit": null,
    "current_account": null,
    "savings_account": null,
    "time_deposit": null,
    "operating_expense": 6937349000000
  },
  {
    "date": "2025-06-30",
    "symbol": "BBNI.JK",
    "total_revenue": 14850370000000,
    "earnings": 4713566000000,
    "total_assets": 1201653267000000,
    "total_liabilities": 1036465322000000,
    "total_equity": 165187945000000,
    "gross_loan": null,
    "allowance_for_loans": null,
    "net_loan": null,
    "earnings_before_tax": 5798273000000,
    "tax": 1045197000000,
    "minorities": -39510000000,
    "net_operating_cash_flow": 63664622000000,
    "net_investing_cash_flow": null,
    "net_financing_cash_flow": null,
    "net_cash_flow": 38773570000000,
    "free_cash_flow": 63484473000000,
    "capital_expenditure": -180149000000,
    "net_interest_income": 9681444000000,
    "non_interest_income": 5168926000000,
    "total_deposit": null,
    "current_account": null,
    "savings_account": null,
    "time_deposit": null,
    "operating_expense": 8485878000000
  },
  {
    "date": "2020-03-31",
    "symbol": "BBRI.JK",
    "total_revenue": 28275726000000,
    "earnings": 8162840000000,
    "total_assets": 1358978917000000,
    "total_liabilities": 1156570767000000,
    "total_equity": 179638893000000,
    "gross_loan": 901805704000000,
    "allowance_for_loans": 56862633000000,
    "net_loan": 958668337000000,
    "earnings_before_tax": 10155705000000,
    "tax": 1985803000000,
    "minorities": 7062000000,
    "net_operating_cash_flow": -46613060000000,
    "net_investing_cash_flow": -2417583000000,
    "net_financing_cash_flow": -30758736000000,
    "net_cash_flow": -79789379000000,
    "free_cash_flow": null,
    "capital_expenditure": null,
    "net_interest_income": 20350567000000,
    "non_interest_income": 7366354000000,
    "total_deposit": 996158930000000,
    "current_account": 169927637000000,
    "savings_account": 388415127000000,
    "time_deposit": 437816166000000,
    "operating_expense": 12807967000000
  },
  {
    "date": "2020-06-30",
    "symbol": "BBRI.JK",
    "total_revenue": 21485802000000,
    "earnings": 2015495000000,
    "total_assets": 1387759264000000,
    "total_liabilities": 1172376589000000,
    "total_equity": 187835213000000,
    "gross_loan": 886899510000000,
    "allowance_for_loans": 53134643000000,
    "net_loan": 940034153000000,
    "earnings_before_tax": 5383738000000,
    "tax": 3352598000000,
    "minorities": 15645000000,
    "net_operating_cash_flow": 10033918000000,
    "net_investing_cash_flow": -24396632000000,
    "net_financing_cash_flow": 2300081000000,
    "net_cash_flow": -12062633000000,
    "free_cash_flow": null,
    "capital_expenditure": null,
    "net_interest_income": 16151882000000,
    "non_interest_income": 5309237000000,
    "total_deposit": 1031492339000000,
    "current_account": 174329708000000,
    "savings_account": 401936050000000,
    "time_deposit": 455226581000000,
    "operating_expense": 12609643000000
  },
  {
    "date": "2020-09-30",
    "symbol": "BBRI.JK",
    "total_revenue": 26837121000000,
    "earnings": 3937758000000,
    "total_assets": 1447848223000000,
    "total_liabilities": 1220228394000000,
    "total_equity": 194668041000000,
    "gross_loan": 896216800000000,
    "allowance_for_loans": 58235996000000,
    "net_loan": 954452796000000,
    "earnings_before_tax": 4870946000000,
    "tax": 918297000000,
    "minorities": 14891000000,
    "net_operating_cash_flow": 65627191000000,
    "net_investing_cash_flow": -71241695000000,
    "net_financing_cash_flow": -4532131000000,
    "net_cash_flow": -10146635000000,
    "free_cash_flow": null,
    "capital_expenditure": null,
    "net_interest_income": 19546858000000,
    "non_interest_income": 6834732000000,
    "total_deposit": 1083344306000000,
    "current_account": 218217022000000,
    "savings_account": 424890543000000,
    "time_deposit": 440236741000000,
    "operating_expense": 13314036000000
  },
  {
    "date": "2020-12-31",
    "symbol": "BBRI.JK",
    "total_revenue": 29753754000000,
    "earnings": 4538660000000,
    "total_assets": 1511804628000000,
    "total_liabilities": 1278346276000000,
    "total_equity": 199911376000000,
    "gross_loan": 899458207000000,
    "allowance_for_loans": 65165002000000,
    "net_loan": 964623209000000,
    "earnings_before_tax": 6314457000000,
    "tax": 1807755000000,
    "minorities": -31958000000,
    "net_operating_cash_flow": 37641138000000,
    "net_investing_cash_flow": -17951921000000,
    "net_financing_cash_flow": 13009014000000,
    "net_cash_flow": 32698231000000,
    "free_cash_flow": null,
    "capital_expenditure": null,
    "net_interest_income": 23160610000000,
    "non_interest_income": 6750512000000,
    "total_deposit": 1072004367000000,
    "current_account": 185151229000000,
    "savings_account": 460453588000000,
    "time_deposit": 426399550000000,
    "operating_expense": 11199713000000
  },
  {
    "date": "2021-03-31",
    "symbol": "BBRI.JK",
    "total_revenue": 30828302000000,
    "earnings": 6826171000000,
    "total_assets": 1411051974000000,
    "total_liabilities": 1216287688000000,
    "total_equity": 194764286000000,
    "gross_loan": 914189177000000,
    "allowance_for_loans": 72324378000000,
    "net_loan": 986513555000000,
    "earnings_before_tax": 8970289000000,
    "tax": 2110207000000,
    "minorities": 33911000000,
    "net_operating_cash_flow": -34361943000000,
    "net_investing_cash_flow": 16349576000000,
    "net_financing_cash_flow": -3750642000000,
    "net_cash_flow": -21763009000000,
    "free_cash_flow": null,
    "capital_expenditure": null,
    "net_interest_income": 23184821000000,
    "non_interest_income": 7177976000000,
    "total_deposit": 1049314773000000,
    "current_account": 174329968000000,
    "savings_account": 443867205000000,
    "time_deposit": 431117600000000,
    "operating_expense": 13118733000000
  },
  {
    "date": "2021-06-30",
    "symbol": "BBRI.JK",
    "total_revenue": 31545603000000,
    "earnings": 5646456000000,
    "total_assets": 1450907063000000,
    "total_liabilities": 1250703749000000,
    "total_equity": 200203314000000,
    "gross_loan": 929402463000000,
    "allowance_for_loans": 78132193000000,
    "net_loan": 1007534656000000,
    "earnings_before_tax": 7409238000000,
    "tax": 1729484000000,
    "minorities": 33298000000,
    "net_operating_cash_flow": 47588022000000,
    "net_investing_cash_flow": -13860433000000,
    "net_financing_cash_flow": -13811192000000,
    "net_cash_flow": 19916397000000,
    "free_cash_flow": null,
    "capital_expenditure": null,
    "net_interest_income": 23958175000000,
    "non_interest_income": 7467718000000,
    "total_deposit": 1096444666000000,
    "current_account": 191391820000000,
    "savings_account": 461701911000000,
    "time_deposit": 443350935000000,
    "operating_expense": 13089194000000
  },
  {
    "date": "2021-09-30",
    "symbol": "BBRI.JK",
    "total_revenue": 32327013000000,
    "earnings": 6783623000000,
    "total_assets": 1619772281000000,
    "total_liabilities": 1339489509000000,
    "total_equity": 280282772000000,
    "gross_loan": 1017005188000000,
    "allowance_for_loans": 83716299000000,
    "net_loan": 1100721487000000,
    "earnings_before_tax": 8929498000000,
    "tax": 2399303000000,
    "minorities": -253428000000,
    "net_operating_cash_flow": 2009497000000,
    "net_investing_cash_flow": -40213640000000,
    "net_financing_cash_flow": 35335409000000,
    "net_cash_flow": -2868734000000,
    "free_cash_flow": null,
    "capital_expenditure": null,
    "net_interest_income": 24547492000000,
    "non_interest_income": 7623222000000,
    "total_deposit": 1135304755000000,
    "current_account": 206443331000000,
    "savings_account": 470156468000000,
    "time_deposit": 458704956000000,
    "operating_expense": 15651683000000
  },
  {
    "date": "2021-12-31",
    "symbol": "BBRI.JK",
    "total_revenue": null,
    "earnings": null,
    "total_assets": 1678097734000000,
    "total_liabilities": 1386310930000000,
    "total_equity": 291786804000000,
    "gross_loan": 994416523000000,
    "allowance_for_loans": 84833734000000,
    "net_loan": 1079250257000000,
    "earnings_before_tax": null,
    "tax": null,
    "minorities": null,
    "net_operating_cash_flow": 32588374000000,
    "net_investing_cash_flow": -73095605000000,
    "net_financing_cash_flow": 22643854000000,
    "net_cash_flow": -17863377000000,
    "free_cash_flow": null,
    "capital_expenditure": null,
    "net_interest_income": null,
    "non_interest_income": null,
    "total_deposit": 1138743215000000,
    "current_account": 220590197000000,
    "savings_account": 497676739000000,
    "time_deposit": 420476279000000,
    "operating_expense": null
  },
  {
    "date": "2022-03-31",
    "symbol": "BBRI.JK",
    "total_revenue": 40614786000000,
    "earnings": 12167224000000,
    "total_assets": 1650279242000000,
    "total_liabilities": 1374292888000000,
    "total_equity": 275986354000000,
    "gross_loan": 1024346034000000,
    "allowance_for_loans": 88500661000000,
    "net_loan": 1112846695000000,
    "earnings_before_tax": 15359883000000,
    "tax": 3140262000000,
    "minorities": 52397000000,
    "net_operating_cash_flow": -32640890000000,
    "net_investing_cash_flow": 26169667000000,
    "net_financing_cash_flow": -3162032000000,
    "net_cash_flow": -9633255000000,
    "free_cash_flow": null,
    "capital_expenditure": null,
    "net_interest_income": 30406962000000,
    "non_interest_income": 9929364000000,
    "total_deposit": 1126495347000000,
    "current_account": 227550547000000,
    "savings_account": 489257750000000,
    "time_deposit": 409687050000000,
    "operating_expense": 18365087000000
  },
  {
    "date": "2022-06-30",
    "symbol": "BBRI.JK",
    "total_revenue": 44720573000000,
    "earnings": 12618981000000,
    "total_assets": 1652838717000000,
    "total_liabilities": 1366573452000000,
    "total_equity": 286265265000000,
    "gross_loan": 1051040307000000,
    "allowance_for_loans": 92181944000000,
    "net_loan": 1143222251000000,
    "earnings_before_tax": 15864396000000,
    "tax": 3207746000000,
    "minorities": 37669000000,
    "net_operating_cash_flow": 16761911000000,
    "net_investing_cash_flow": 13898870000000,
    "net_financing_cash_flow": -25405267000000,
    "net_cash_flow": 5255514000000,
    "free_cash_flow": null,
    "capital_expenditure": null,
    "net_interest_income": 34206561000000,
    "non_interest_income": 9937701000000,
    "total_deposit": 1136981914000000,
    "current_account": 240046682000000,
    "savings_account": 500371964000000,
    "time_deposit": 396563268000000,
    "operating_expense": 19860374000000
  },
  {
    "date": "2022-09-30",
    "symbol": "BBRI.JK",
    "total_revenue": 43376135000000,
    "earnings": 14370028000000,
    "total_assets": 1684604124000000,
    "total_liabilities": 1384268523000000,
    "total_equity": 300335601000000,
    "gross_loan": 1054722713000000,
    "allowance_for_loans": 91375936000000,
    "net_loan": 1146098649000000,
    "earnings_before_tax": 18014206000000,
    "tax": 3579032000000,
    "minorities": 65146000000,
    "net_operating_cash_flow": 10769526000000,
    "net_investing_cash_flow": -2066392000000,
    "net_financing_cash_flow": 2531050000000,
    "net_cash_flow": 11234184000000,
    "free_cash_flow": null,
    "capital_expenditure": null,
    "net_interest_income": 31893769000000,
    "non_interest_income": 11506731000000,
    "total_deposit": 1139764644000000,
    "current_account": 245643656000000,
    "savings_account": 500083160000000,
    "time_deposit": 394037828000000,
    "operating_expense": 20352327000000
  },
  {
    "date": "2022-12-31",
    "symbol": "BBRI.JK",
    "total_revenue": 43101991000000,
    "earnings": 12014079000000,
    "total_assets": 1865639010000000,
    "total_liabilities": 1562243693000000,
    "total_equity": 303395317000000,
    "gross_loan": 1079274819000000,
    "allowance_for_loans": 88323830000000,
    "net_loan": 1167598649000000,
    "earnings_before_tax": 15358216000000,
    "tax": 3261454000000,
    "minorities": 82683000000,
    "net_operating_cash_flow": 102615458000000,
    "net_investing_cash_flow": -10774185000000,
    "net_financing_cash_flow": 15600138000000,
    "net_cash_flow": 107441411000000,
    "free_cash_flow": null,
    "capital_expenditure": null,
    "net_interest_income": 28089781000000,
    "non_interest_income": 14265293000000,
    "total_deposit": 1307884013000000,
    "current_account": 349755590000000,
    "savings_account": 522647920000000,
    "time_deposit": 435480503000000,
    "operating_expense": 23614179000000
  },
  {
    "date": "2023-03-31",
    "symbol": "BBRI.JK",
    "total_revenue": 42681406000000,
    "earnings": 15501857000000,
    "total_assets": 1822973421000000,
    "total_liabilities": 1538522759000000,
    "total_equity": 284450662000000,
    "gross_loan": 1116520117000000,
    "allowance_for_loans": 90201255000000,
    "net_loan": 1206721372000000,
    "earnings_before_tax": 19597014000000,
    "tax": 4033099000000,
    "minorities": 62058000000,
    "net_operating_cash_flow": -24962296000000,
    "net_investing_cash_flow": 2034320000000,
    "net_financing_cash_flow": -49118794000000,
    "net_cash_flow": -72046770000000,
    "free_cash_flow": null,
    "capital_expenditure": null,
    "net_interest_income": 32779173000000,
    "non_interest_income": 9459907000000,
    "total_deposit": 1255452673000000,
    "current_account": 309890121000000,
    "savings_account": 500201020000000,
    "time_deposit": 445361532000000,
    "operating_expense": 18090755000000
  },
  {
    "date": "2023-06-30",
    "symbol": "BBRI.JK",
    "total_revenue": 43762973000000,
    "earnings": 13919652000000,
    "total_assets": 1805146314000000,
    "total_liabilities": 1506654628000000,
    "total_equity": 298491686000000,
    "gross_loan": 1137528613000000,
    "allowance_for_loans": 83486893000000,
    "net_loan": 1221015506000000,
    "earnings_before_tax": 17603117000000,
    "tax": 3605671000000,
    "minorities": 77794000000,
    "net_operating_cash_flow": -30766055000000,
    "net_investing_cash_flow": 18085561000000,
    "net_financing_cash_flow": -46569000000,
    "net_cash_flow": -12727063000000,
    "free_cash_flow": -21491742000000,
    "capital_expenditure": null,
    "net_interest_income": 32761129000000,
    "non_interest_income": 10556868000000,
    "total_deposit": 1245114975000000,
    "current_account": 298309607000000,
    "savings_account": 517114641000000,
    "time_deposit": 429690727000000,
    "operating_expense": 18566393000000
  },
  {
    "date": "2023-09-30",
    "symbol": "BBRI.JK",
    "total_revenue": 46720904000000,
    "earnings": 14571098000000,
    "total_assets": 1851964853000000,
    "total_liabilities": 1540431029000000,
    "total_equity": 311533824000000,
    "gross_loan": 1184682207000000,
    "allowance_for_loans": 83135504000000,
    "net_loan": 1267817711000000,
    "earnings_before_tax": 18518400000000,
    "tax": 3866192000000,
    "minorities": 81110000000,
    "net_operating_cash_flow": -18594392000000,
    "net_investing_cash_flow": -360229000000,
    "net_financing_cash_flow": -8370930000000,
    "net_cash_flow": -27325551000000,
    "free_cash_flow": 25607985000000,
    "capital_expenditure": null,
    "net_interest_income": 35656397000000,
    "non_interest_income": 10133101000000,
    "total_deposit": 1290286414000000,
    "current_account": 314709676000000,
    "savings_account": 506425583000000,
    "time_deposit": 469151155000000,
    "operating_expense": 19015603000000
  },
  {
    "date": "2023-12-31",
    "symbol": "BBRI.JK",
    "total_revenue": 48011937000000,
    "earnings": 16107256000000,
    "total_assets": 1965007030000000,
    "total_liabilities": 1648534888000000,
    "total_equity": 316472142000000,
    "gross_loan": 1197752706000000,
    "allowance_for_loans": 79924211000000,
    "net_loan": 1277676917000000,
    "earnings_before_tax": 20711181000000,
    "tax": 4499702000000,
    "minorities": 104223000000,
    "net_operating_cash_flow": 69351289000000,
    "net_investing_cash_flow": -24748744000000,
    "net_financing_cash_flow": 17985068000000,
    "net_cash_flow": 62587613000000,
    "free_cash_flow": -72198310000000,
    "capital_expenditure": null,
    "net_interest_income": 33986788000000,
    "non_interest_income": 13682465000000,
    "total_deposit": 1358328761000000,
    "current_account": 346124372000000,
    "savings_account": 527945550000000,
    "time_deposit": 484258839000000,
    "operating_expense": 21109540000000
  },
  {
    "date": "2024-03-31",
    "symbol": "BBRI.JK",
    "total_revenue": 44748523000000,
    "earnings": 15885516000000,
    "total_assets": 1989074479000000,
    "total_liabilities": 1690175158000000,
    "total_equity": 298899321000000,
    "gross_loan": null,
    "allowance_for_loans": null,
    "net_loan": null,
    "earnings_before_tax": 19924648000000,
    "tax": 3942060000000,
    "minorities": -97072000000,
    "net_operating_cash_flow": 49084849000000,
    "net_investing_cash_flow": null,
    "net_financing_cash_flow": null,
    "net_cash_flow": -30703814000000,
    "free_cash_flow": 47265790000000,
    "capital_expenditure": -1819055000000,
    "net_interest_income": 33160973000000,
    "non_interest_income": null,
    "total_deposit": null,
    "current_account": null,
    "savings_account": null,
    "time_deposit": null,
    "operating_expense": 18400895000000
  },
  {
    "date": "2024-06-30",
    "symbol": "BBRI.JK",
    "total_revenue": 41885214000000,
    "earnings": 13816337000000,
    "total_assets": 1977371465000000,
    "total_liabilities": 1665640923000000,
    "total_equity": 311730542000000,
    "gross_loan": 1264779010000000,
    "allowance_for_loans": 80783074000000,
    "net_loan": 1345562084000000,
    "earnings_before_tax": 18524884000000,
    "tax": 4611361000000,
    "minorities": -97186000000,
    "net_operating_cash_flow": -70325223000000,
    "net_investing_cash_flow": null,
    "net_financing_cash_flow": null,
    "net_cash_flow": -35384496000000,
    "free_cash_flow": -72198310000000,
    "capital_expenditure": -1873089000000,
    "net_interest_income": 31002006000000,
    "non_interest_income": null,
    "total_deposit": 1389661843000000,
    "current_account": 356854620000000,
    "savings_account": 521040540000000,
    "time_deposit": 511766683000000,
    "operating_expense": 21205272000000
  },
  {
    "date": "2024-09-30",
    "symbol": "BBRI.JK",
    "total_revenue": 51537361000000,
    "earnings": 15362900000000,
    "total_assets": 1961916415000000,
    "total_liabilities": 1632443484000000,
    "total_equity": 329472931000000,
    "gross_loan": 1281674103000000,
    "allowance_for_loans": 78739155000000,
    "net_loan": 1360413258000000,
    "earnings_before_tax": 19538816000000,
    "tax": 4072552000000,
    "minorities": 103364000000,
    "net_operating_cash_flow": 11586029000000,
    "net_investing_cash_flow": 38094999000000,
    "net_financing_cash_flow": -2374743000000,
    "net_cash_flow": 47306285000000,
    "free_cash_flow": 9678050000000,
    "capital_expenditure": -1907982000000,
    "net_interest_income": 35827353000000,
    "non_interest_income": 15173491000000,
    "total_deposit": 1362418816000000,
    "current_account": 349489800000000,
    "savings_account": 524741455000000,
    "time_deposit": 488187561000000,
    "operating_expense": 21938975000000
  },
  {
    "date": "2024-12-31",
    "symbol": "BBRI.JK",
    "total_revenue": 50375758000000,
    "earnings": 15090134000000,
    "total_assets": 1992983447000000,
    "total_liabilities": 1669794400000000,
    "total_equity": 323189047000000,
    "gross_loan": 1298318089000000,
    "allowance_for_loans": 76902889000000,
    "net_loan": 1375220978000000,
    "earnings_before_tax": 19610762000000,
    "tax": 4329329000000,
    "minorities": 191299000000,
    "net_operating_cash_flow": 33755243000000,
    "net_investing_cash_flow": -36435154000000,
    "net_financing_cash_flow": 8095077000000,
    "net_cash_flow": 5415166000000,
    "free_cash_flow": 29202991000000,
    "capital_expenditure": -4734462000000,
    "net_interest_income": 36301004000000,
    "non_interest_income": 12819084000000,
    "total_deposit": 1365450104000000,
    "current_account": 374554340000000,
    "savings_account": 544426947000000,
    "time_deposit": 446468817000000,
    "operating_expense": 21542716000000
  },
  {
    "date": "2025-03-31",
    "symbol": "BBRI.JK",
    "total_revenue": 60508105000000,
    "earnings": 13673245000000,
    "total_assets": 2098229448000000,
    "total_liabilities": 1792375276000000,
    "total_equity": 305854172000000,
    "gross_loan": 1314593320000000,
    "allowance_for_loans": 77538305000000,
    "net_loan": 1392131625000000,
    "earnings_before_tax": 17382237000000,
    "tax": 3578208000000,
    "minorities": 130784000000,
    "net_operating_cash_flow": 73591840000000,
    "net_investing_cash_flow": 414861000000,
    "net_financing_cash_flow": -14067960000000,
    "net_cash_flow": 59938741000000,
    "free_cash_flow": 71092379000000,
    "capital_expenditure": -2499461000000,
    "net_interest_income": 35851758000000,
    "non_interest_income": 23590702000000,
    "total_deposit": 1421600104000000,
    "current_account": 391613076000000,
    "savings_account": 543336892000000,
    "time_deposit": 486650136000000,
    "operating_expense": 31110388000000
  },
  {
    "date": "2025-06-30",
    "symbol": "BBRI.JK",
    "total_revenue": 44774521000000,
    "earnings": 12603456000000,
    "total_assets": 2106370947000000,
    "total_liabilities": 1784298684000000,
    "total_equity": 322072263000000,
    "gross_loan": null,
    "allowance_for_loans": null,
    "net_loan": null,
    "earnings_before_tax": 17361959000000,
    "tax": 4632841000000,
    "minorities": -125662000000,
    "net_operating_cash_flow": 2757761000000,
    "net_investing_cash_flow": null,
    "net_financing_cash_flow": null,
    "net_cash_flow": -34531799000000,
    "free_cash_flow": 671743000000,
    "capital_expenditure": -2086018000000,
    "net_interest_income": 34318901000000,
    "non_interest_income": 10455620000000,
    "total_deposit": null,
    "current_account": null,
    "savings_account": null,
    "time_deposit": null,
    "operating_expense": 21547077000000
  },
  {
    "date": "2020-03-31",
    "symbol": "BMRI.JK",
    "total_revenue": 23127028000000,
    "earnings": 7915869000000,
    "total_assets": 1320038161000000,
    "total_liabilities": 1060233931000000,
    "total_equity": 177441641000000,
    "gross_loan": 881384594000000,
    "allowance_for_loans": 53871929000000,
    "net_loan": 935256523000000,
    "earnings_before_tax": 10417443000000,
    "tax": 2342996000000,
    "minorities": 158578000000,
    "net_operating_cash_flow": 34004748000000,
    "net_investing_cash_flow": -2899337000000,
    "net_financing_cash_flow": -14510003000000,
    "net_cash_flow": 16595408000000,
    "free_cash_flow": null,
    "capital_expenditure": null,
    "net_interest_income": 15536370000000,
    "non_interest_income": 6965746000000,
    "total_deposit": 859397006000000,
    "current_account": 250639758000000,
    "savings_account": 315510152000000,
    "time_deposit": 293247096000000,
    "operating_expense": 10028698000000
  },
  {
    "date": "2020-06-30",
    "symbol": "BMRI.JK",
    "total_revenue": 19428304000000,
    "earnings": 2376970000000,
    "total_assets": 1359441443000000,
    "total_liabilities": 1094022651000000,
    "total_equity": 183318936000000,
    "gross_loan": 851510185000000,
    "allowance_for_loans": 55183318000000,
    "net_loan": 906693503000000,
    "earnings_before_tax": 3450870000000,
    "tax": 972839000000,
    "minorities": 101061000000,
    "net_operating_cash_flow": 60554381000000,
    "net_investing_cash_flow": -14407335000000,
    "net_financing_cash_flow": 12000361000000,
    "net_cash_flow": 58147407000000,
    "free_cash_flow": null,
    "capital_expenditure": null,
    "net_interest_income": 13399103000000,
    "non_interest_income": 5811821000000,
    "total_deposit": 894882325000000,
    "current_account": 243843584000000,
    "savings_account": 321595974000000,
    "time_deposit": 329442767000000,
    "operating_expense": 9156027000000
  },
  {
    "date": "2020-09-30",
    "symbol": "BMRI.JK",
    "total_revenue": 19535415000000,
    "earnings": 3735174000000,
    "total_assets": 1406655075000000,
    "total_liabilities": 1134477703000000,
    "total_equity": 189335951000000,
    "gross_loan": 852820011000000,
    "allowance_for_loans": 58880056000000,
    "net_loan": 911700067000000,
    "earnings_before_tax": 5033058000000,
    "tax": 1152131000000,
    "minorities": 145753000000,
    "net_operating_cash_flow": -5006788000000,
    "net_investing_cash_flow": -4994410000000,
    "net_financing_cash_flow": -4343913000000,
    "net_cash_flow": -14345111000000,
    "free_cash_flow": null,
    "capital_expenditure": null,
    "net_interest_income": 13224305000000,
    "non_interest_income": 5925081000000,
    "total_deposit": 941794872000000,
    "current_account": 296457909000000,
    "savings_account": 333980782000000,
    "time_deposit": 311356181000000,
    "operating_expense": 9136069000000
  },
  {
    "date": "2020-12-31",
    "symbol": "BMRI.JK",
    "total_revenue": 23616979000000,
    "earnings": 3091240000000,
    "total_assets": 1429334484000000,
    "total_liabilities": 1151267847000000,
    "total_equity": 193796083000000,
    "gross_loan": 870145465000000,
    "allowance_for_loans": 62271102000000,
    "net_loan": 932416567000000,
    "earnings_before_tax": 4396670000000,
    "tax": 1184451000000,
    "minorities": 120979000000,
    "net_operating_cash_flow": 9915344000000,
    "net_investing_cash_flow": -11012289000000,
    "net_financing_cash_flow": -7021656000000,
    "net_cash_flow": -8118601000000,
    "free_cash_flow": null,
    "capital_expenditure": null,
    "net_interest_income": 14348351000000,
    "non_interest_income": 8983234000000,
    "total_deposit": 963593762000000,
    "current_account": 304450291000000,
    "savings_account": 351362191000000,
    "time_deposit": 307781280000000,
    "operating_expense": 12325997000000
  },
  {
    "date": "2021-03-31",
    "symbol": "BMRI.JK",
    "total_revenue": 24085203000000,
    "earnings": 5918373000000,
    "total_assets": 1584067174000000,
    "total_liabilities": 1235233567000000,
    "total_equity": 197523053000000,
    "gross_loan": 962266734000000,
    "allowance_for_loans": 67269278000000,
    "net_loan": 1029536012000000,
    "earnings_before_tax": 8700694000000,
    "tax": 2181454000000,
    "minorities": 600867000000,
    "net_operating_cash_flow": 74788132000000,
    "net_investing_cash_flow": -50970133000000,
    "net_financing_cash_flow": -142715000000,
    "net_cash_flow": 23675284000000,
    "free_cash_flow": null,
    "capital_expenditure": null,
    "net_interest_income": 17486001000000,
    "non_interest_income": 6087171000000,
    "total_deposit": 1030510689000000,
    "current_account": 360524665000000,
    "savings_account": 373772516000000,
    "time_deposit": 296213508000000,
    "operating_expense": 11486599000000
  },
  {
    "date": "2021-06-30",
    "symbol": "BMRI.JK",
    "total_revenue": 25450232000000,
    "earnings": 6582761000000,
    "total_assets": 1580527235000000,
    "total_liabilities": 1210603566000000,
    "total_equity": 205130845000000,
    "gross_loan": 991782579000000,
    "allowance_for_loans": 68020566000000,
    "net_loan": 1059803145000000,
    "earnings_before_tax": 9226931000000,
    "tax": 2061010000000,
    "minorities": 583160000000,
    "net_operating_cash_flow": -31495357000000,
    "net_investing_cash_flow": -9101316000000,
    "net_financing_cash_flow": 6125884000000,
    "net_cash_flow": -34470789000000,
    "free_cash_flow": null,
    "capital_expenditure": null,
    "net_interest_income": 17671480000000,
    "non_interest_income": 7350031000000,
    "total_deposit": 1005495834000000,
    "current_account": 343869373000000,
    "savings_account": 390770891000000,
    "time_deposit": 270855570000000,
    "operating_expense": 11541946000000
  },
  {
    "date": "2021-09-30",
    "symbol": "BMRI.JK",
    "total_revenue": 25845726000000,
    "earnings": 6727941000000,
    "total_assets": 1637950171000000,
    "total_liabilities": 1256789443000000,
    "total_equity": 212824701000000,
    "gross_loan": 999006418000000,
    "allowance_for_loans": 68528267000000,
    "net_loan": 1067534685000000,
    "earnings_before_tax": 9482883000000,
    "tax": 2114498000000,
    "minorities": 640444000000,
    "net_operating_cash_flow": 70099782000000,
    "net_investing_cash_flow": -62533473000000,
    "net_financing_cash_flow": -4327744000000,
    "net_cash_flow": 3238565000000,
    "free_cash_flow": null,
    "capital_expenditure": null,
    "net_interest_income": 18158838000000,
    "non_interest_income": 7299167000000,
    "total_deposit": 1046765818000000,
    "current_account": 374055249000000,
    "savings_account": 402047212000000,
    "time_deposit": 270663357000000,
    "operating_expense": 11575467000000
  },
  {
    "date": "2021-12-31",
    "symbol": "BMRI.JK",
    "total_revenue": 28497286000000,
    "earnings": 8799080000000,
    "total_assets": 1725611128000000,
    "total_liabilities": 1326592237000000,
    "total_equity": 222111282000000,
    "gross_loan": 1026224827000000,
    "allowance_for_loans": 68588680000000,
    "net_loan": 1094813507000000,
    "earnings_before_tax": 10947913000000,
    "tax": 1450362000000,
    "minorities": 698471000000,
    "net_operating_cash_flow": 20574620000000,
    "net_investing_cash_flow": -9872130000000,
    "net_financing_cash_flow": -9165568000000,
    "net_cash_flow": 1536922000000,
    "free_cash_flow": null,
    "capital_expenditure": null,
    "net_interest_income": 19746175000000,
    "non_interest_income": 8291651000000,
    "total_deposit": 1115278713000000,
    "current_account": 399791311000000,
    "savings_account": 422314545000000,
    "time_deposit": 293172857000000,
    "operating_expense": 14536155000000
  },
  {
    "date": "2022-03-31",
    "symbol": "BMRI.JK",
    "total_revenue": 28988328000000,
    "earnings": 10031527000000,
    "total_assets": 1734074740000000,
    "total_liabilities": 1339639296000000,
    "total_equity": 213359744000000,
    "gross_loan": 1047701015000000,
    "allowance_for_loans": 69370603000000,
    "net_loan": 1117071618000000,
    "earnings_before_tax": 13705769000000,
    "tax": 2811620000000,
    "minorities": 862622000000,
    "net_operating_cash_flow": 12924226000000,
    "net_investing_cash_flow": -29774936000000,
    "net_financing_cash_flow": -18340006000000,
    "net_cash_flow": -35190716000000,
    "free_cash_flow": null,
    "capital_expenditure": null,
    "net_interest_income": 20477890000000,
    "non_interest_income": 7922296000000,
    "total_deposit": 1088799982000000,
    "current_account": 377609594000000,
    "savings_account": 435721958000000,
    "time_deposit": 275468430000000,
    "operating_expense": 12013068000000
  },
  {
    "date": "2022-06-30",
    "symbol": "BMRI.JK",
    "total_revenue": 29568471000000,
    "earnings": 10177683000000,
    "total_assets": 1785706841000000,
    "total_liabilities": 1380959491000000,
    "total_equity": 220819546000000,
    "gross_loan": 1111777871000000,
    "allowance_for_loans": 68672494000000,
    "net_loan": 1180450365000000,
    "earnings_before_tax": 14051856000000,
    "tax": 2901697000000,
    "minorities": 972476000000,
    "net_operating_cash_flow": 2734596000000,
    "net_investing_cash_flow": -10575764000000,
    "net_financing_cash_flow": 1096313000000,
    "net_cash_flow": -6744855000000,
    "free_cash_flow": null,
    "capital_expenditure": null,
    "net_interest_income": 21354841000000,
    "non_interest_income": 7426924000000,
    "total_deposit": 1135353156000000,
    "current_account": 394154038000000,
    "savings_account": 454760009000000,
    "time_deposit": 286439109000000,
    "operating_expense": 11915127000000
  },
  {
    "date": "2022-09-30",
    "symbol": "BMRI.JK",
    "total_revenue": 31253610000000,
    "earnings": 10443576000000,
    "total_assets": 1839336498000000,
    "total_liabilities": 1424505794000000,
    "total_equity": 231387023000000,
    "gross_loan": 1138941125000000,
    "allowance_for_loans": 68846386000000,
    "net_loan": 1207787511000000,
    "earnings_before_tax": 14435452000000,
    "tax": 3014846000000,
    "minorities": 977030000000,
    "net_operating_cash_flow": 17768863000000,
    "net_investing_cash_flow": 3227635000000,
    "net_financing_cash_flow": 3132588000000,
    "net_cash_flow": 24129086000000,
    "free_cash_flow": null,
    "capital_expenditure": null,
    "net_interest_income": 22152031000000,
    "non_interest_income": 8477653000000,
    "total_deposit": 1178734398000000,
    "current_account": 397553618000000,
    "savings_account": 464759495000000,
    "time_deposit": 316421285000000,
    "operating_expense": 12722371000000
  },
  {
    "date": "2022-12-31",
    "symbol": "BMRI.JK",
    "total_revenue": 34841346000000,
    "earnings": 10517851000000,
    "total_assets": 1992544687000000,
    "total_liabilities": 1544096631000000,
    "total_equity": 252245455000000,
    "gross_loan": 1172599882000000,
    "allowance_for_loans": 64612645000000,
    "net_loan": 1237212527000000,
    "earnings_before_tax": 14184649000000,
    "tax": 2697195000000,
    "minorities": 969603000000,
    "net_operating_cash_flow": 85941161000000,
    "net_investing_cash_flow": -5517609000000,
    "net_financing_cash_flow": 8797627000000,
    "net_cash_flow": 89221179000000,
    "free_cash_flow": null,
    "capital_expenditure": null,
    "net_interest_income": 23918592000000,
    "non_interest_income": 10453830000000,
    "total_deposit": 1295575929000000,
    "current_account": 519077962000000,
    "savings_account": 480482766000000,
    "time_deposit": 296015201000000,
    "operating_expense": 16609492000000
  },
  {
    "date": "2023-03-31",
    "symbol": "BMRI.JK",
    "total_revenue": 33137789000000,
    "earnings": 12560171000000,
    "total_assets": 1908171161000000,
    "total_liabilities": 1461500789000000,
    "total_equity": 241645452000000,
    "gross_loan": 1172883517000000,
    "allowance_for_loans": 63276114000000,
    "net_loan": 1236159631000000,
    "earnings_before_tax": 17255942000000,
    "tax": 3395438000000,
    "minorities": 1300333000000,
    "net_operating_cash_flow": -89017199000000,
    "net_investing_cash_flow": 392682000000,
    "net_financing_cash_flow": 1346822000000,
    "net_cash_flow": -87277695000000,
    "free_cash_flow": null,
    "capital_expenditure": null,
    "net_interest_income": 23009038000000,
    "non_interest_income": 9664741000000,
    "total_deposit": 1186861425000000,
    "current_account": 453841138000000,
    "savings_account": 477049045000000,
    "time_deposit": 255971242000000,
    "operating_expense": 12275865000000
  },
  {
    "date": "2023-06-30",
    "symbol": "BMRI.JK",
    "total_revenue": 33453786000000,
    "earnings": 12671716000000,
    "total_assets": 1963987471000000,
    "total_liabilities": 1516625484000000,
    "total_equity": 255246569000000,
    "gross_loan": 1238806037000000,
    "allowance_for_loans": 61981013000000,
    "net_loan": 1300787050000000,
    "earnings_before_tax": 17183374000000,
    "tax": 3340277000000,
    "minorities": 1171381000000,
    "net_operating_cash_flow": -18600642000000,
    "net_investing_cash_flow": 25875004000000,
    "net_financing_cash_flow": 1134216000000,
    "net_cash_flow": 8408578000000,
    "free_cash_flow": -5442291000000,
    "capital_expenditure": null,
    "net_interest_income": 24297899000000,
    "non_interest_income": 8674317000000,
    "total_deposit": 1238614465000000,
    "current_account": 476766424000000,
    "savings_account": 482799469000000,
    "time_deposit": 279048572000000,
    "operating_expense": 12277706000000
  },
  {
    "date": "2023-09-30",
    "symbol": "BMRI.JK",
    "total_revenue": 34115306000000,
    "earnings": 13831656000000,
    "total_assets": 2006939146000000,
    "total_liabilities": 1539736586000000,
    "total_equity": 268603940000000,
    "gross_loan": 1280914677000000,
    "allowance_for_loans": 57534987000000,
    "net_loan": 1338449664000000,
    "earnings_before_tax": 18772476000000,
    "tax": 3705076000000,
    "minorities": 1235744000000,
    "net_operating_cash_flow": -13515869000000,
    "net_investing_cash_flow": 5132387000000,
    "net_financing_cash_flow": 739212000000,
    "net_cash_flow": -7644270000000,
    "free_cash_flow": 18946496000000,
    "capital_expenditure": null,
    "net_interest_income": 24556358000000,
    "non_interest_income": 8917495000000,
    "total_deposit": 1253826549000000,
    "current_account": 486106956000000,
    "savings_account": 491798201000000,
    "time_deposit": 275921392000000,
    "operating_expense": 13899034000000
  },
  {
    "date": "2023-12-31",
    "symbol": "BMRI.JK",
    "total_revenue": 37825585000000,
    "earnings": 15996514000000,
    "total_assets": 2174219449000000,
    "total_liabilities": 1660442815000000,
    "total_equity": 287494962000000,
    "gross_loan": 1359832195000000,
    "allowance_for_loans": null,
    "net_loan": 1359832195000000,
    "earnings_before_tax": 21473089000000,
    "tax": 4192220000000,
    "minorities": 1284355000000,
    "net_operating_cash_flow": 51511230000000,
    "net_investing_cash_flow": -15389533000000,
    "net_financing_cash_flow": 20250405000000,
    "net_cash_flow": 56372102000000,
    "free_cash_flow": 47811830000000,
    "capital_expenditure": null,
    "net_interest_income": 24023279000000,
    "non_interest_income": 13266293000000,
    "total_deposit": 1351448149000000,
    "current_account": 552359156000000,
    "savings_account": 509291489000000,
    "time_deposit": 289797504000000,
    "operating_expense": 15414886000000
  },
  {
    "date": "2024-03-31",
    "symbol": "BMRI.JK",
    "total_revenue": 34247420000000,
    "earnings": 12702178000000,
    "total_assets": 2163785243000000,
    "total_liabilities": 1666762998000000,
    "total_equity": 268786509000000,
    "gross_loan": 1393927895000000,
    "allowance_for_loans": 52182858000000,
    "net_loan": 1446110753000000,
    "earnings_before_tax": 17602607000000,
    "tax": 3481158000000,
    "minorities": 1419271000000,
    "net_operating_cash_flow": -8504759000000,
    "net_investing_cash_flow": 9589158000000,
    "net_financing_cash_flow": -34025875000000,
    "net_cash_flow": -32941476000000,
    "free_cash_flow": -9871917000000,
    "capital_expenditure": -807740000000,
    "net_interest_income": 24185867000000,
    "non_interest_income": 9518572000000,
    "total_deposit": 1344232372000000,
    "current_account": 527479575000000,
    "savings_account": 529683157000000,
    "time_deposit": 287069640000000,
    "operating_expense": 13112242000000
  },
  {
    "date": "2024-06-30",
    "symbol": "BMRI.JK",
    "total_revenue": 35194686000000,
    "earnings": 13848462000000,
    "total_assets": 2257801434000000,
    "total_liabilities": 1749434246000000,
    "total_equity": 282332541000000,
    "gross_loan": 1487438239000000,
    "allowance_for_loans": 50866430000000,
    "net_loan": 1538304669000000,
    "earnings_before_tax": 19002518000000,
    "tax": 3853240000000,
    "minorities": 1300816000000,
    "net_operating_cash_flow": -6484263000000,
    "net_investing_cash_flow": 2991400000000,
    "net_financing_cash_flow": -5080033000000,
    "net_cash_flow": -8572896000000,
    "free_cash_flow": -18599750000000,
    "capital_expenditure": -1340376000000,
    "net_interest_income": 24895195000000,
    "non_interest_income": 9740993000000,
    "total_deposit": 1425594871000000,
    "current_account": 577715577000000,
    "savings_account": 547557925000000,
    "time_deposit": 300321369000000,
    "operating_expense": 12964456000000
  },
  {
    "date": "2024-09-30",
    "symbol": "BMRI.JK",
    "total_revenue": 37036914000000,
    "earnings": 15466714000000,
    "total_assets": 2323990548000000,
    "total_liabilities": 1791894454000000,
    "total_equity": 301337494000000,
    "gross_loan": 1541981352000000,
    "allowance_for_loans": 49375685000000,
    "net_loan": 1591357037000000,
    "earnings_before_tax": 20739426000000,
    "tax": 3926899000000,
    "minorities": 1345813000000,
    "net_operating_cash_flow": -23465691000000,
    "net_investing_cash_flow": 12352007000000,
    "net_financing_cash_flow": 14034867000000,
    "net_cash_flow": 2921183000000,
    "free_cash_flow": null,
    "capital_expenditure": -2556824000000,
    "net_interest_income": 25522049000000,
    "non_interest_income": 11314368000000,
    "total_deposit": 1437405659000000,
    "current_account": 560774998000000,
    "savings_account": 555405642000000,
    "time_deposit": 321225019000000,
    "operating_expense": 13760624000000
  },
  {
    "date": "2024-12-31",
    "symbol": "BMRI.JK",
    "total_revenue": 39969728000000,
    "earnings": 13765388000000,
    "total_assets": 2427223262000000,
    "total_liabilities": 1860408316000000,
    "total_equity": 313474681000000,
    "gross_loan": 1623216612000000,
    "allowance_for_loans": 49354645000000,
    "net_loan": 1672571257000000,
    "earnings_before_tax": 19058935000000,
    "tax": 3977068000000,
    "minorities": 1316479000000,
    "net_operating_cash_flow": 12267786000000,
    "net_investing_cash_flow": -7201870000000,
    "net_financing_cash_flow": 29548841000000,
    "net_cash_flow": 34614757000000,
    "free_cash_flow": -16982000000000,
    "capital_expenditure": -3507854000000,
    "net_interest_income": 27153809000000,
    "non_interest_income": 11597082000000,
    "total_deposit": 1446234957000000,
    "current_account": 568576009000000,
    "savings_account": 580191796000000,
    "time_deposit": 297467152000000,
    "operating_expense": 18773124000000
  },
  {
    "date": "2025-03-31",
    "symbol": "BMRI.JK",
    "total_revenue": 37071128000000,
    "earnings": 13197259000000,
    "total_assets": 2463658976000000,
    "total_liabilities": 1933937849000000,
    "total_equity": 285177765000000,
    "gross_loan": 1625286579000000,
    "allowance_for_loans": 50285516000000,
    "net_loan": 1675572095000000,
    "earnings_before_tax": 18178660000000,
    "tax": 3648510000000,
    "minorities": 1332891000000,
    "net_operating_cash_flow": -25521343000000,
    "net_investing_cash_flow": 9929563000000,
    "net_financing_cash_flow": 22074058000000,
    "net_cash_flow": 6482278000000,
    "free_cash_flow": 19371886000000,
    "capital_expenditure": -870271000000,
    "net_interest_income": 25504820000000,
    "non_interest_income": 11137871000000,
    "total_deposit": 1504751662000000,
    "current_account": 551560805000000,
    "savings_account": 598470760000000,
    "time_deposit": 354720097000000,
    "operating_expense": 15168889000000
  },
  {
    "date": "2020-03-31",
    "symbol": "BRIS.JK",
    "total_revenue": 61108000000,
    "earnings": null,
    "total_assets": 42229396000000,
    "total_liabilities": 13117127000000,
    "total_equity": 5166326000000,
    "gross_loan": null,
    "allowance_for_loans": null,
    "net_loan": null,
    "earnings_before_tax": 108609000000,
    "tax": 33454000000,
    "minorities": null,
    "net_operating_cash_flow": -3137860000000,
    "net_investing_cash_flow": 2986004000000,
    "net_financing_cash_flow": null,
    "net_cash_flow": -151856000000,
    "free_cash_flow": null,
    "capital_expenditure": null,
    "net_interest_income": null,
    "non_interest_income": 61108000000,
    "total_deposit": null,
    "current_account": null,
    "savings_account": null,
    "time_deposit": null,
    "operating_expense": 334220000000
  },
  {
    "date": "2020-06-30",
    "symbol": "BRIS.JK",
    "total_revenue": 22241000000,
    "earnings": null,
    "total_assets": 49580078000000,
    "total_liabilities": 15770010000000,
    "total_equity": 5211746000000,
    "gross_loan": null,
    "allowance_for_loans": null,
    "net_loan": null,
    "earnings_before_tax": 92578000000,
    "tax": 50533000000,
    "minorities": null,
    "net_operating_cash_flow": 734501000000,
    "net_investing_cash_flow": 29795000000,
    "net_financing_cash_flow": null,
    "net_cash_flow": 752061000000,
    "free_cash_flow": null,
    "capital_expenditure": null,
    "net_interest_income": null,
    "non_interest_income": 22241000000,
    "total_deposit": null,
    "current_account": null,
    "savings_account": null,
    "time_deposit": null,
    "operating_expense": 356489000000
  },
  {
    "date": "2020-09-30",
    "symbol": "BRIS.JK",
    "total_revenue": 164568000000,
    "earnings": null,
    "total_assets": 56096769000000,
    "total_liabilities": 16720699000000,
    "total_equity": 5295274000000,
    "gross_loan": null,
    "allowance_for_loans": null,
    "net_loan": null,
    "earnings_before_tax": 98143000000,
    "tax": 24760000000,
    "minorities": null,
    "net_operating_cash_flow": 3509165000000,
    "net_investing_cash_flow": -2153889000000,
    "net_financing_cash_flow": -6860000000,
    "net_cash_flow": 1348416000000,
    "free_cash_flow": null,
    "capital_expenditure": null,
    "net_interest_income": null,
    "non_interest_income": 164568000000,
    "total_deposit": null,
    "current_account": null,
    "savings_account": null,
    "time_deposit": null,
    "operating_expense": 458221000000
  },
  {
    "date": "2020-12-31",
    "symbol": "BRIS.JK",
    "total_revenue": 112992000000,
    "earnings": null,
    "total_assets": 57715586000000,
    "total_liabilities": 17475112000000,
    "total_equity": 5444288000000,
    "gross_loan": null,
    "allowance_for_loans": null,
    "net_loan": null,
    "earnings_before_tax": 105901000000,
    "tax": 48430000000,
    "minorities": null,
    "net_operating_cash_flow": 2040748000000,
    "net_investing_cash_flow": -3704454000000,
    "net_financing_cash_flow": 104514000000,
    "net_cash_flow": -1559192000000,
    "free_cash_flow": null,
    "capital_expenditure": null,
    "net_interest_income": null,
    "non_interest_income": 112992000000,
    "total_deposit": null,
    "current_account": null,
    "savings_account": null,
    "time_deposit": null,
    "operating_expense": 486876000000
  },
  {
    "date": "2021-03-31",
    "symbol": "BRIS.JK",
    "total_revenue": 637817000000,
    "earnings": null,
    "total_assets": 234427001000000,
    "total_liabilities": 58808575000000,
    "total_equity": 22497810000000,
    "gross_loan": null,
    "allowance_for_loans": null,
    "net_loan": null,
    "earnings_before_tax": 1016509000000,
    "tax": 274867000000,
    "minorities": null,
    "net_operating_cash_flow": -9270552000000,
    "net_investing_cash_flow": 3836250000000,
    "net_financing_cash_flow": -662780000000,
    "net_cash_flow": -6097082000000,
    "free_cash_flow": null,
    "capital_expenditure": null,
    "net_interest_income": null,
    "non_interest_income": 637817000000,
    "total_deposit": null,
    "current_account": null,
    "savings_account": null,
    "time_deposit": null,
    "operating_expense": 1943950000000
  },
  {
    "date": "2021-06-30",
    "symbol": "BRIS.JK",
    "total_revenue": 670290000000,
    "earnings": null,
    "total_assets": 247299611000000,
    "total_liabilities": 57586806000000,
    "total_equity": 23341917000000,
    "gross_loan": null,
    "allowance_for_loans": null,
    "net_loan": null,
    "earnings_before_tax": 1016250000000,
    "tax": 277390000000,
    "minorities": null,
    "net_operating_cash_flow": 13161893000000,
    "net_investing_cash_flow": -13242199000000,
    "net_financing_cash_flow": 11282000000,
    "net_cash_flow": -69024000000,
    "free_cash_flow": null,
    "capital_expenditure": null,
    "net_interest_income": null,
    "non_interest_income": 670290000000,
    "total_deposit": null,
    "current_account": null,
    "savings_account": null,
    "time_deposit": null,
    "operating_expense": 2075397000000
  },
  {
    "date": "2021-09-30",
    "symbol": "BRIS.JK",
    "total_revenue": 726346000000,
    "earnings": null,
    "total_assets": 251051724000000,
    "total_liabilities": 57070552000000,
    "total_equity": 24122079000000,
    "gross_loan": null,
    "allowance_for_loans": null,
    "net_loan": null,
    "earnings_before_tax": 1069675000000,
    "tax": 292892000000,
    "minorities": null,
    "net_operating_cash_flow": 6204073000000,
    "net_investing_cash_flow": -4298961000000,
    "net_financing_cash_flow": 11032000000,
    "net_cash_flow": 1916144000000,
    "free_cash_flow": null,
    "capital_expenditure": null,
    "net_interest_income": null,
    "non_interest_income": 726346000000,
    "total_deposit": null,
    "current_account": null,
    "savings_account": null,
    "time_deposit": null,
    "operating_expense": 2059649000000
  },
  {
    "date": "2021-12-31",
    "symbol": "BRIS.JK",
    "total_revenue": 977793000000,
    "earnings": null,
    "total_assets": 265289081000000,
    "total_liabilities": 61886476000000,
    "total_equity": 25013934000000,
    "gross_loan": null,
    "allowance_for_loans": null,
    "net_loan": null,
    "earnings_before_tax": 858090000000,
    "tax": -87170000000,
    "minorities": null,
    "net_operating_cash_flow": 18676808000000,
    "net_investing_cash_flow": -18571038000000,
    "net_financing_cash_flow": -77929000000,
    "net_cash_flow": 27841000000,
    "free_cash_flow": null,
    "capital_expenditure": null,
    "net_interest_income": null,
    "non_interest_income": 977793000000,
    "total_deposit": null,
    "current_account": null,
    "savings_account": null,
    "time_deposit": null,
    "operating_expense": 2805461000000
  },
  {
    "date": "2022-03-31",
    "symbol": "BRIS.JK",
    "total_revenue": 813919000000,
    "earnings": null,
    "total_assets": 271293823000000,
    "total_liabilities": 62751789000000,
    "total_equity": 25985273000000,
    "gross_loan": null,
    "allowance_for_loans": null,
    "net_loan": null,
    "earnings_before_tax": 1301223000000,
    "tax": 313538000000,
    "minorities": null,
    "net_operating_cash_flow": -249337000000,
    "net_investing_cash_flow": -2139273000000,
    "net_financing_cash_flow": -31774000000,
    "net_cash_flow": -2420384000000,
    "free_cash_flow": null,
    "capital_expenditure": null,
    "net_interest_income": null,
    "non_interest_income": 813919000000,
    "total_deposit": null,
    "current_account": null,
    "savings_account": null,
    "time_deposit": null,
    "operating_expense": 2300449000000
  },
  {
    "date": "2022-06-30",
    "symbol": "BRIS.JK",
    "total_revenue": 877054000000,
    "earnings": null,
    "total_assets": 277342955000000,
    "total_liabilities": 65428280000000,
    "total_equity": 26505811000000,
    "gross_loan": null,
    "allowance_for_loans": null,
    "net_loan": null,
    "earnings_before_tax": 1460982000000,
    "tax": 317378000000,
    "minorities": null,
    "net_operating_cash_flow": -6293367000000,
    "net_investing_cash_flow": 4699936000000,
    "net_financing_cash_flow": -812869000000,
    "net_cash_flow": -2406300000000,
    "free_cash_flow": null,
    "capital_expenditure": null,
    "net_interest_income": null,
    "non_interest_income": 877054000000,
    "total_deposit": null,
    "current_account": null,
    "savings_account": null,
    "time_deposit": null,
    "operating_expense": 2322466000000
  },
  {
    "date": "2022-09-30",
    "symbol": "BRIS.JK",
    "total_revenue": 997693000000,
    "earnings": null,
    "total_assets": 280002034000000,
    "total_liabilities": 67494314000000,
    "total_equity": 27541978000000,
    "gross_loan": null,
    "allowance_for_loans": null,
    "net_loan": null,
    "earnings_before_tax": 1522751000000,
    "tax": 448789000000,
    "minorities": null,
    "net_operating_cash_flow": -4703961000000,
    "net_investing_cash_flow": 5451429000000,
    "net_financing_cash_flow": 742863000000,
    "net_cash_flow": 1490331000000,
    "free_cash_flow": null,
    "capital_expenditure": null,
    "net_interest_income": null,
    "non_interest_income": 997693000000,
    "total_deposit": null,
    "current_account": null,
    "savings_account": null,
    "time_deposit": null,
    "operating_expense": 2552196000000
  },
  {
    "date": "2022-12-31",
    "symbol": "BRIS.JK",
    "total_revenue": 1012445000000,
    "earnings": null,
    "total_assets": 305727438000000,
    "total_liabilities": 74434166000000,
    "total_equity": 33505610000000,
    "gross_loan": null,
    "allowance_for_loans": null,
    "net_loan": null,
    "earnings_before_tax": 1229847000000,
    "tax": 174916000000,
    "minorities": null,
    "net_operating_cash_flow": 13132195000000,
    "net_investing_cash_flow": -2017384000000,
    "net_financing_cash_flow": 4900689000000,
    "net_cash_flow": 16015500000000,
    "free_cash_flow": null,
    "capital_expenditure": null,
    "net_interest_income": null,
    "non_interest_income": 1012445000000,
    "total_deposit": null,
    "current_account": null,
    "savings_account": null,
    "time_deposit": null,
    "operating_expense": 2861630000000
  },
  {
    "date": "2023-03-31",
    "symbol": "BRIS.JK",
    "total_revenue": 985586000000,
    "earnings": null,
    "total_assets": 313252694000000,
    "total_liabilities": 71603166000000,
    "total_equity": 34992047000000,
    "gross_loan": null,
    "allowance_for_loans": null,
    "net_loan": null,
    "earnings_before_tax": 1892373000000,
    "tax": 434091000000,
    "minorities": null,
    "net_operating_cash_flow": -813166000000,
    "net_investing_cash_flow": -3193442000000,
    "net_financing_cash_flow": -22395000000,
    "net_cash_flow": -4029003000000,
    "free_cash_flow": null,
    "capital_expenditure": null,
    "net_interest_income": null,
    "non_interest_income": 985586000000,
    "total_deposit": null,
    "current_account": null,
    "savings_account": null,
    "time_deposit": null,
    "operating_expense": 2404728000000
  }
]